





@misc{act_project_1,
author = {Michael Guerero},
title = {Automated Chess Board},
year = {2018},
url = {https://create.arduino.cc/projecthub/maguerero/automated-chess-board-50ca0f},
}

@misc{act_project_2,
author = {Akash Ravichandran},
title = {Automated Chess Board},
year = {2016},
url = {https://create.arduino.cc/projecthub/automaters/automated-chess-5dbd7a},
}

@misc{act_project_3,
author = {DIY Machines},
title = {DIY Super Smart Chessboard},
year = {2020},
url = {https://www.instructables.com/DIY-Super-Smart-Chessboard-Play-Online-or-Against-/},
}

@misc{act_project_robot,
author = {yousifnimat},
title = {Chess Robot},
year = {2012},
url = {https://www.instructables.com/Chess-Robot/},
}

@misc{chess_board_design,
author = {James Stanley},
title = {Automatic chess board design},
year = {2020},
url = {https://incoherency.co.uk/blog/stories/automatic-chess-board-design.html},
}





%%%%%%%%%%%%%%%%%%%%%%%%
% BÃ¼cher
%%%%%%%%%%%%%%%%%%%%%%%%

@book{Bohner2001,
  Author = {Bohner, Max and  Fischer, Richard},
  Title = {Fachkunde Kraftfahrzeugtechnik},
  Publisher = {VERLAG EUROPA-LEHRMITTEL},
volume  = {},
  Year = {2001},
  ISBN = {3808522399},
 URL = {},
}

@book{Menny2006,
  Author = {Menny, Klaus},
  Title = {Hydraulische und thermische Kraft- und Arbeitsmaschinen},
  Publisher = {B.G. Teubner Verlag},
volume  = {},
  Year = {2006},
  ISBN = {3519463172},
  URL = {},
}

@book{Murrenhoff,
  Author = {Murrenhoff, Hubertus},
  Title = {Grundlagen der Fluidtechnik, Teil1: Hydraulik},
  Publisher = {Shaker Verlag GmbH},
volume  = {},
  Year = {2011},
  ISBN = {3844004588},
  URL = {},
}

@book{Duden1,
  Author = {N.N.},
  Title = {Der Duden in 12 Banden: 1 - Die Deutsche Rechtschreibung (German Edition)},
  Publisher = {Bibliographisches Institut \& FA Brockhaus AG},
volume  = {},
  Year = {2013},
  ISBN = {3411040165},
  URL = {},
}


@Unpublished{texschreiben,
author = {FH Aachen},
title = {So geht Schreiben mit Latex},
note = {interner Bericht},
}
